@misc{monegro2016fat,
    author = {Monegro, Joel},
    title = {Fat Protocols},
    year = {2016},
    month = aug,
    url = {https://www.usv.com/writing/2016/08/fat-protocols/},
    publisher = {Union Square Ventures},
    note = {Accessed: 2024-12-02}
}

@misc{nakamoto2008bitcoin,
    author = {Nakamoto, Satoshi},
    title = {Bitcoin: A Peer-to-Peer Electronic Cash System},
    year = {2008},
    month = oct,
    url = {https://bitcoin.org/bitcoin.pdf},
    note = {The original Bitcoin whitepaper that introduced the first blockchain architecture}
}

@misc{buterin2013ethereum,
    author = {Buterin, Vitalik},
    title = {Ethereum White Paper: A Next Generation Smart Contract \& Decentralized Application Platform},
    year = {2013},
    url = {https://ethereum.org/en/whitepaper/},
    note = {The foundational document describing Ethereum's architecture and capabilities}
}

@misc{buterin2021rollups,
    author = {Buterin, Vitalik},
    title = {An Incomplete Guide to Rollups},
    year = {2021},
    month = jan,
    url = {https://vitalik.ca/general/2021/01/05/rollup.html},
    note = {Comprehensive analysis of rollup technology and its relationship to L1 blockchains}
}

@techreport{charbonneau2023rollups,
    author = {Charbonneau, Jon},
    title = {The Complete Guide to Rollups},
    year = {2023},
    institution = {Delphi Digital},
    type = {Research Report},
    url = {https://members.delphidigital.io/reports/the-complete-guide-to-rollups},
    note = {Comprehensive industry analysis of rollup technology and implementations}
}

@misc{poon2016lightning,
    author = {Poon, Joseph and Dryja, Thaddeus},
    title = {The Bitcoin Lightning Network: Scalable Off-Chain Instant Payments},
    year = {2016},
    url = {https://lightning.network/lightning-network-paper.pdf},
    note = {Version 0.5.9.2}
}

@misc{poon2017plasma,
    author = {Poon, Joseph and Buterin, Vitalik},
    title = {Plasma: Scalable Autonomous Smart Contracts},
    year = {2017},
    url = {https://plasma.io/plasma-whitepaper.pdf},
    note = {Working paper}
}

@misc{gluchowski2021zkrollup,
    author = {Gluchowski, Alex},
    title = {zkRollup vs. Optimistic Rollup: Technical Comparison},
    year = {2019},
    publisher = {Matter Labs},
    url = {https://medium.com/matter-labs/zkrollup-vs-optimistic-rollup-deep-dive-ea141e71e075},
    note = {Accessed: 2024-12-02}
}